<record><leader>00000cas a2200000 i 4500</leader><controlfield tag="001">544287155</controlfield><controlfield tag="008">030930d191619uuilu|| n r     0    0eng c</controlfield><datafield ind1=" " ind2=" " tag="010"><subfield code="a">  2015252003</subfield></datafield><datafield ind1=" " ind2=" " tag="040"><subfield code="a">HLS</subfield><subfield code="b">eng</subfield><subfield code="e">rda</subfield><subfield code="c">HLS</subfield><subfield code="d">OCLCF</subfield><subfield code="d">OCLCO</subfield><subfield code="d">WAU</subfield></datafield><datafield ind1=" " ind2=" " tag="042"><subfield code="a">pcc</subfield></datafield><datafield ind1=" " ind2=" " tag="043"><subfield code="a">n-us---</subfield></datafield><datafield ind1="1" ind2="4" tag="050"><subfield code="a">DS79.A75</subfield><subfield code="b">N48</subfield></datafield><datafield ind1="0" ind2=" " tag="130"><subfield code="a">New Assyria (Jersey City, N.J.)</subfield></datafield><datafield ind1="1" ind2="4" tag="245"><subfield code="a">The new Assyria.</subfield></datafield><datafield ind1=" " ind2="1" tag="264"><subfield code="a">[Chicago, Illinois] :</subfield><subfield code="b">[Atour Publications],</subfield><subfield code="c">[200-]</subfield></datafield><datafield ind1=" " ind2=" " tag="300"><subfield code="a">1 volume :</subfield><subfield code="b">illustrations ;</subfield><subfield code="c">28 cm</subfield></datafield><datafield ind1=" " ind2=" " tag="310"><subfield code="a">Monthly</subfield></datafield><datafield ind1=" " ind2=" " tag="336"><subfield code="a">text</subfield><subfield code="b">txt</subfield><subfield code="2">rdacontent</subfield></datafield><datafield ind1=" " ind2=" " tag="337"><subfield code="a">unmediated</subfield><subfield code="b">n</subfield><subfield code="2">rdamedia</subfield></datafield><datafield ind1=" " ind2=" " tag="338"><subfield code="a">volume</subfield><subfield code="b">nc</subfield><subfield code="2">rdacarrier</subfield></datafield><datafield ind1="1" ind2=" " tag="362"><subfield code="a">Began with: Volume 1, number 1 (Sept. 1916).</subfield></datafield><datafield ind1=" " ind2=" " tag="588"><subfield code="a">Description based on: Volume 1, number 2 (October 1916); title from masthead.</subfield></datafield><datafield ind1=" " ind2=" " tag="588"><subfield code="a">Latest issue consulted: Volume 3, number 34 (June 15, 1919).</subfield></datafield><datafield ind1=" " ind2=" " tag="580"><subfield code="a">Reprint. Originally published monthly: Jersey City, New Jersey : New Assyria Publishing Company.  Edited by: Joel E. Warda.</subfield></datafield><datafield ind1=" " ind2="0" tag="650"><subfield code="a">Assyrians</subfield><subfield code="v">Newspapers.</subfield></datafield><datafield ind1=" " ind2="0" tag="650"><subfield code="a">Assyrians</subfield><subfield code="z">United States</subfield><subfield code="v">Newspapers.</subfield></datafield><datafield ind1=" " ind2="7" tag="655"><subfield code="a">Newspapers.</subfield><subfield code="2">fast</subfield><subfield code="0">(OCoLC)fst01423814</subfield></datafield><datafield ind1=" " ind2="7" tag="650"><subfield code="a">Assyrians.</subfield><subfield code="2">fast</subfield><subfield code="0">(OCoLC)fst00819237</subfield></datafield><datafield ind1=" " ind2="7" tag="651"><subfield code="a">United States.</subfield><subfield code="2">fast</subfield><subfield code="0">(OCoLC)fst01204155</subfield></datafield><datafield ind1="1" ind2=" " tag="700"><subfield code="a">Werda, Joel E.,</subfield><subfield code="e">editor.</subfield></datafield><datafield ind1=" " ind2=" " tag="752"><subfield code="a">United States</subfield><subfield code="b">Illinois</subfield><subfield code="d">Chicago.</subfield></datafield></record>